<?xml version="1.0" encoding="UTF-8"?><collection xmlns="http://www.loc.gov/MARC21/slim"><record><leader>00324nam--2200121-i-4500</leader><controlfield tag="001">000039014</controlfield><controlfield tag="002">20161230</controlfield><controlfield tag="005">20161230201042</controlfield><controlfield tag="008">060222s1000------------r-----000-0-eng-d</controlfield><datafield ind1=" " ind2=" " tag="080"><subfield code="a">017:05</subfield></datafield><datafield ind1=" " ind2=" " tag="245"><subfield code="a">Reviste achizitionate in anul 1970 de institut</subfield></datafield><datafield ind1=" " ind2=" " tag="260"><subfield code="a">Bucuresti, Inst.Centr.De Docum.Tehnica, 1970, 107p</subfield></datafield><datafield ind1=" " ind2=" " tag="852"><subfield code="a">32441</subfield></datafield></record></collection>